<?xml version="1.0" encoding="UTF-8"?><collection xmlns="http://www.loc.gov/MARC21/slim"><record><leader>00482nam--2200181-u-4500</leader><controlfield tag="001">000053667</controlfield><controlfield tag="002">20161230</controlfield><controlfield tag="005">20161230201051</controlfield><controlfield tag="008">110511s1000------------r-----000-0-eng-d</controlfield><datafield ind1=" " ind2=" " tag="040"><subfield code="a">IFIN-HH</subfield></datafield><datafield ind1=" " ind2=" " tag="080"><subfield code="a">536.48</subfield></datafield><datafield ind1="1" ind2=" " tag="100"><subfield code="a">Marvan, Milan</subfield></datafield><datafield ind1="1" ind2="0" tag="245"><subfield code="a">Negative absolute temperatures</subfield><subfield code="b">Translated by josef landau</subfield><subfield code="c">Milan marvan</subfield></datafield><datafield ind1=" " ind2=" " tag="260"><subfield code="a">London</subfield><subfield code="b">Iliffe Books Ltd</subfield><subfield code="c">1966</subfield></datafield><datafield ind1=" " ind2=" " tag="300"><subfield code="a">70P</subfield></datafield><datafield ind1=" " ind2=" " tag="490"><subfield code="a">Physics Paperbacks</subfield></datafield><datafield ind1=" " ind2=" " tag="852"><subfield code="a">75925</subfield><subfield code="c">536</subfield></datafield><datafield ind1=" " ind2=" " tag="CAT"><subfield code="a">Sys</subfield><subfield code="c">20110511</subfield><subfield code="h">132103</subfield></datafield></record></collection>